@book{ga_book,
  title={An introduction to genetic algorithms},
  author={Mitchell, Melanie},
  year={1998},
  publisher={MIT press}
}

@article{bip_example,
  title = {The university timetabling problem: modeling and solution using 
    binary integer programming with penalty functions},
  author = {Abdellahi, Moustapha and Eledum, Hussein},
  journal = {International Journal of Applied Mathematics and Statistics},
  volume = {56},
  number = {6},
  pages = {164--178},
  year = {2017}
}

@inproceedings{ga_example,
  title = {Solving the university timetabling problem with optimized enrollment 
    of students by a self-adaptive genetic algorithm},
  author = {Perzina, Radom{\'\i}r},
  booktitle = {International Conference on the Practice and Theory of Automated 
    Timetabling},
  pages = {248--263},
  year = {2006},
  organization = {Springer}
}

@article{tabu_example,
  title = {Large-scale timetabling problems with adaptive tabu search},
  author = {Awad, Fouad H and Al-Kubaisi, Ali and Mahmood, Maha},
  journal = {Journal of Intelligent Systems},
  volume = {31},
  number = {1},
  pages = {168--176},
  year = {2022},
  publisher = {De Gruyter}
}

@article{asp_example,
  title = {teaspoon: solving the curriculum-based course timetabling problems 
    with answer set programming},
  author = {Banbara, Mutsunori and Inoue, Katsumi and Kaufmann, Benjamin and 
    Okimoto, Tenda and Schaub, Torsten and Soh, Takehide and Tamura, Naoyuki 
    and Wanko, Philipp},
  journal = {Annals of Operations Research},
  volume = {275},
  pages = {3--37},
  year = {2019},
  publisher = {Springer}
}

@article{ba_example,
  title = {Solving the University course timetabling problem using bat inspired 
    algorithm},
  author = {Limota, Ushindi and Mujuni, Egbert and Mushi, Allen},
  journal = {Tanzania Journal of Science},
  volume = {47},
  number = {2},
  pages = {674--685},
  year = {2021}
}

@misc{objective_function,
  title = {Objective function},
  author = {Cuemath},
  howpublished = {\url{https://www.cuemath.com/algebra/objective-function/}},
  note = {Accessed: 2022-12-22}
}

@misc{penalty_function,
  title = {Penalty functions},
  author = {Stanford University},
  howpublished = {\url{https://web.stanford.edu/group/sisl/k12/optimization/MO-unit5-pdfs/5.6penaltyfunctions.pdf}},
  note = {Accessed: 2022-12-22}
}

@misc{tabu_video, 
  title = {Lecture 37: Tabu Search}, 
  howpublished = {\url{https://www.youtube.com/watch?v=A7cTp1Fhg9o}}, 
  journal = {YouTube}, 
  author = {IIT Kharagpur July 2018}, 
  year = {2018}, 
  month = {Sept.},
}

@incollection{yang_bat,
  title = {A new metaheuristic bat-inspired algorithm},
  author = {Yang, Xin-She},
  booktitle = {Nature inspired cooperative strategies for optimization (NICSO 2010)},
  pages = {65--74},
  year = {2010},
  publisher = {Springer}
}
